@misc{Black2009_DeterministicAlgorithm,
	author = {Black, Paul E.},
	booktitle = {NIST: National Institute of Standards and Technology},
	title = {deterministic algorithm},
	url = {https://www.nist.gov/dads/HTML/deterministicAlgorithm.html},
	urldate = {2019-12-02},
	year = {2009}
}

@misc{Black2008_NondeterministicAalgorithm,
	author = {Black, Paul E.},
	booktitle = {NIST: National Institute of Standards and Technology},
	title = {nondeterministic algorithm},
	url = {https://www.nist.gov/dads/HTML/nondetermAlgo.html},
	urldate = {2019-12-02},
	year = {2008}
}

@misc{Jaimini2017,
	author = {Jaimini, Vaibhav},
	booktitle = {hackerearth},
	mendeley-groups = {ArticulationPoints},
	title = {{Articulation Points and Bridges Tutorials {\&} Notes | Algorithms | HackerEarth}},
	url = {https://www.hackerearth.com/practice/algorithms/graphs/articulation-points-and-bridges/tutorial/},
	urldate = {2020-01-21},
	year = {2017}
}

@misc{Wikipedia.BiconnectedComponent,
	booktitle = {Wikipedia},
	mendeley-groups = {ArticulationPoints},
	title = {{Biconnected component}},
	url = {https://en.wikipedia.org/wiki/Biconnected{\_}component},
	urldate = {2020-01-21}
}

@misc{Abdul.2018,
	author = {Abdul Bari},
	year = {2018},
	title = {5.2 Articulation Point and Biconnected Components},
	url = {https://www.youtube.com/watch?v=jFZsDDB0-vo},
	urldate = {2020-01-20}
}